<record><leader>00000cas a22000007a 4500</leader><controlfield tag="001">41295646</controlfield><controlfield tag="008">990504d192219uuncumr ne      0    0eng d</controlfield><datafield ind1=" " ind2=" " tag="010"><subfield code="a">sn 98058954 </subfield></datafield><datafield ind1=" " ind2=" " tag="040"><subfield code="a">NVJ</subfield><subfield code="b">eng</subfield><subfield code="c">NVJ</subfield><subfield code="d">OCLCQ</subfield><subfield code="d">OCLCF</subfield><subfield code="d">OCLCO</subfield></datafield><datafield ind1=" " ind2=" " tag="042"><subfield code="a">msc</subfield></datafield><datafield ind1="0" ind2=" " tag="130"><subfield code="a">Granite booster (Granite Falls, N.C. : 1922)</subfield></datafield><datafield ind1="0" ind2="4" tag="245"><subfield code="a">The Granite booster.</subfield></datafield><datafield ind1=" " ind2=" " tag="260"><subfield code="a">Granite Falls, N.C. :</subfield><subfield code="b">Cline's Drug Store</subfield></datafield><datafield ind1=" " ind2=" " tag="300"><subfield code="a">v.</subfield></datafield><datafield ind1=" " ind2=" " tag="310"><subfield code="a">Monthly</subfield></datafield><datafield ind1="0" ind2=" " tag="362"><subfield code="a">Vol. 1, no. 1 (Feb. 1922)-</subfield></datafield><datafield ind1=" " ind2="0" tag="651"><subfield code="a">Granite Falls (N.C.)</subfield><subfield code="v">Newspapers.</subfield></datafield><datafield ind1=" " ind2="0" tag="651"><subfield code="a">Caldwell County (N.C.)</subfield><subfield code="v">Newspapers.</subfield></datafield><datafield ind1=" " ind2="7" tag="655"><subfield code="a">Newspapers.</subfield><subfield code="2">fast</subfield><subfield code="0">(OCoLC)fst01423814</subfield></datafield><datafield ind1=" " ind2="7" tag="651"><subfield code="a">North Carolina</subfield><subfield code="z">Caldwell County.</subfield><subfield code="2">fast</subfield><subfield code="0">(OCoLC)fst01218045</subfield></datafield><datafield ind1=" " ind2="7" tag="651"><subfield code="a">North Carolina</subfield><subfield code="z">Granite Falls.</subfield><subfield code="2">fast</subfield><subfield code="0">(OCoLC)fst01220349</subfield></datafield><datafield ind1=" " ind2=" " tag="752"><subfield code="a">United States</subfield><subfield code="b">North Carolina</subfield><subfield code="c">Caldwell</subfield><subfield code="d">Granite Falls.</subfield></datafield></record>